@article{sultan2003west,
  title={The West African monsoon dynamics. Part II: The ``preonset'' and ``onset'' of the summer monsoon},
  author={Sultan, Benjamin and Janicot, Serge},
  journal={Journal of climate},
  volume={16},
  number={21},
  pages={3407--3427},
  year={2003}
}

@article{walther2016review,
  title={A review of recent ecological changes in the Sahel, with particular reference to land-use change, plants, birds and mammals},
  author={Walther, Bruno A},
  journal={African Journal of Ecology},
  volume={54},
  number={3},
  pages={268--280},
  year={2016},
  publisher={Wiley Online Library}
}

@article{olsson1993causes,
  title={On the causes of famine: drought, desertification and market failure in the Sudan},
  author={Olsson, Lennart},
  journal={Ambio},
  pages={395--403},
  year={1993},
  publisher={JSTOR}
}

@book{benson1998impact,
  title={The impact of drought on sub-Saharan African economies: a preliminary examination},
  author={Benson, Charlotte and Clay, Edward J},
  volume={401},
  year={1998},
  publisher={World Bank Publications}
}

@article{charney1975dynamics,
  title={Dynamics of deserts and drought in the Sahel},
  author={Charney, Jule G},
  journal={Quarterly Journal of the Royal Meteorological Society},
  volume={101},
  number={428},
  pages={193--202},
  year={1975},
  publisher={Wiley Online Library}
}

@article{charney1975drought,
  title={Drought in the Sahara: a biogeophysical feedback mechanism},
  author={Charney, Jule and Stone, Peter H and Quirk, William J},
  journal={Science},
  volume={187},
  pages={434--435},
  year={1975}
}

@article{olsson2005recent,
  title={A recent greening of the Sahelâ€”trends, patterns and potential causes},
  author={Olsson, Lennart and Eklundh, Lars and Ard{\"o}, Jonas},
  journal={Journal of Arid Environments},
  volume={63},
  number={3},
  pages={556--566},
  year={2005},
  publisher={Elsevier}
}

@article{dardel2014re,
  title={Re-greening Sahel: 30years of remote sensing data and field observations (Mali, Niger)},
  author={Dardel, C and Kergoat, L and Hiernaux, P and Mougin, E and Grippa, M and Tucker, CJ},
  journal={Remote Sensing of Environment},
  volume={140},
  pages={350--364},
  year={2014},
  publisher={Elsevier}
}

@article{lebel2009recent,
  title={Recent trends in the Central and Western Sahel rainfall regime (1990--2007)},
  author={Lebel, Thierry and Ali, Abdou},
  journal={Journal of Hydrology},
  volume={375},
  number={1},
  pages={52--64},
  year={2009},
  publisher={Elsevier}
}

@article{fensholt2013assessing,
  title={Assessing land degradation/recovery in the African Sahel from long-term earth observation based primary productivity and precipitation relationships},
  author={Fensholt, Rasmus and Rasmussen, Kjeld and Kaspersen, Per and Huber, Silvia and Horion, Stephanie and Swinnen, Else},
  journal={Remote Sensing},
  volume={5},
  number={2},
  pages={664--686},
  year={2013},
  publisher={Multidisciplinary Digital Publishing Institute}
}

@article{dardel2014rain,
  title={Rain-use-efficiency: What it tells us about the conflicting Sahel greening and Sahelian paradox},
  author={Dardel, C{\'e}cile and Kergoat, Laurent and Hiernaux, Pierre and Grippa, Manuela and Mougin, Eric and Ciais, Philippe and Nguyen, Cam-Chi},
  journal={Remote Sensing},
  volume={6},
  number={4},
  pages={3446--3474},
  year={2014},
  publisher={Multidisciplinary Digital Publishing Institute}
}

@article{panthou2014recent,
  title={Recent trends in the regime of extreme rainfall in the Central Sahel},
  author={Panthou, G and Vischel, T and Lebel, Thierry},
  journal={International Journal of Climatology},
  volume={34},
  number={15},
  pages={3998--4006},
  year={2014},
  publisher={Wiley Online Library}
}

@article{nicholson2013west,
  title={The West African Sahel: A review of recent studies on the rainfall regime and its interannual variability},
  author={Nicholson, Sharon E},
  journal={ISRN Meteorology},
  volume={2013},
  year={2013},
  publisher={Hindawi Publishing Corporation}
}


